<record><leader>00000cas a2200000   4500</leader><controlfield tag="001">1357627</controlfield><controlfield tag="008">750528d19541976akumx ne      0   a0eng c</controlfield><controlfield tag="009">467</controlfield><datafield ind1=" " ind2=" " tag="010"><subfield code="a">sn 79006335 </subfield></datafield><datafield ind1=" " ind2=" " tag="040"><subfield code="a">NSD</subfield><subfield code="b">eng</subfield><subfield code="c">NSD</subfield><subfield code="d">UCU</subfield><subfield code="d">NSD</subfield><subfield code="d">NST</subfield><subfield code="d">ANE</subfield><subfield code="d">WAU</subfield><subfield code="d">NYS</subfield><subfield code="d">WAU</subfield><subfield code="d">OCLCQ</subfield><subfield code="d">GBVCP</subfield><subfield code="d">OCLCF</subfield></datafield><datafield ind1=" " ind2=" " tag="015"><subfield code="a">010667369</subfield><subfield code="2">dnb</subfield></datafield><datafield ind1="7" ind2=" " tag="016"><subfield code="a">95572-3</subfield><subfield code="2">DE-600</subfield></datafield><datafield ind1=" " ind2=" " tag="022"><subfield code="a">0300-6913</subfield><subfield code="l">0300-6913</subfield><subfield code="2">0</subfield></datafield><datafield ind1="1" ind2=" " tag="029"><subfield code="a">AU@</subfield><subfield code="b">000021486783</subfield></datafield><datafield ind1=" " ind2=" " tag="042"><subfield code="a">pcc</subfield></datafield><datafield ind1=" " ind2=" " tag="043"><subfield code="a">n-us-ak</subfield></datafield><datafield ind1=" " ind2="0" tag="222"><subfield code="a">Voice of brotherhood</subfield></datafield><datafield ind1="0" ind2="4" tag="245"><subfield code="a">The Voice of brotherhood.</subfield></datafield><datafield ind1=" " ind2=" " tag="260"><subfield code="a">Juneau, Alaska,</subfield><subfield code="b">C.E. Peck,</subfield><subfield code="c">1954-1976.</subfield></datafield><datafield ind1=" " ind2=" " tag="300"><subfield code="a">24 v. ;</subfield><subfield code="c">31-43 cm.</subfield></datafield><datafield ind1=" " ind2=" " tag="310"><subfield code="a">Monthly (irregular)</subfield></datafield><datafield ind1="0" ind2=" " tag="362"><subfield code="a">Vol. 1, no. 1 (Dec. 22, 1954)-v. 24, no. 2 (Mar./May, 1976).</subfield></datafield><datafield ind1=" " ind2=" " tag="500"><subfield code="a">Masthead: "Indian design by Ray Peck". Horizontal totem pole.</subfield></datafield><datafield ind1=" " ind2=" " tag="530"><subfield code="a">Available on microfilm from Microfilming Corporation of America.</subfield></datafield><datafield ind1=" " ind2=" " tag="550"><subfield code="a">Published for the Alaska Native Brotherhood and the Alaska Native Sisterhood.</subfield></datafield><datafield ind1=" " ind2=" " tag="515"><subfield code="a">Issue numbering irregular.</subfield></datafield><datafield ind1=" " ind2="0" tag="650"><subfield code="a">Indians of North America</subfield><subfield code="z">Alaska</subfield><subfield code="v">Newspapers.</subfield></datafield><datafield ind1=" " ind2="0" tag="651"><subfield code="a">Juneau (Alaska)</subfield><subfield code="v">Newspapers.</subfield></datafield><datafield ind1=" " ind2="0" tag="651"><subfield code="a">Juneau (Alaska : Borough)</subfield><subfield code="v">Newspapers.</subfield></datafield><datafield ind1=" " ind2="7" tag="655"><subfield code="a">Alaska Native newspapers.</subfield><subfield code="2">ngl</subfield></datafield><datafield ind1=" " ind2="7" tag="655"><subfield code="a">Newspapers.</subfield><subfield code="2">fast</subfield><subfield code="0">(OCoLC)fst01423814</subfield></datafield><datafield ind1=" " ind2="7" tag="650"><subfield code="a">Indians of North America.</subfield><subfield code="2">fast</subfield><subfield code="0">(OCoLC)fst00969633</subfield></datafield><datafield ind1=" " ind2="7" tag="651"><subfield code="a">Alaska.</subfield><subfield code="2">fast</subfield><subfield code="0">(OCoLC)fst01204480</subfield></datafield><datafield ind1=" " ind2="7" tag="651"><subfield code="a">Alaska</subfield><subfield code="z">Juneau.</subfield><subfield code="2">fast</subfield><subfield code="0">(OCoLC)fst01213587</subfield></datafield><datafield ind1=" " ind2="7" tag="651"><subfield code="a">Alaska</subfield><subfield code="z">Juneau (Borough)</subfield><subfield code="2">fast</subfield><subfield code="0">(OCoLC)fst01338167</subfield></datafield><datafield ind1="2" ind2=" " tag="710"><subfield code="a">Alaska Native Brotherhood.</subfield></datafield><datafield ind1="2" ind2=" " tag="710"><subfield code="a">Alaska Native Sisterhood.</subfield></datafield><datafield ind1=" " ind2=" " tag="752"><subfield code="a">United States</subfield><subfield code="b">Alaska</subfield><subfield code="d">Juneau.</subfield></datafield></record>